<?xml version="1.0" encoding="UTF-8"?><record xmlns="http://www.loc.gov/MARC21/slim" xmlns:cinclude="http://apache.org/cocoon/include/1.0" xmlns:zs="http://www.loc.gov/zing/srw/">
  <leader>00431nz  a2200145n  4500</leader>
  <controlfield tag="001">no2008178703</controlfield>
  <controlfield tag="003">DLC</controlfield>
  <controlfield tag="005">20081205082010.0</controlfield>
  <controlfield tag="008">081203n| acannaabn          |n ana     c</controlfield>
  <datafield tag="010" ind1=" " ind2=" ">
    <subfield code="a">no2008178703</subfield>
  </datafield>
  <datafield tag="035" ind1=" " ind2=" ">
    <subfield code="a">(OCoLC)oca07954428</subfield>
  </datafield>
  <datafield tag="040" ind1=" " ind2=" ">
    <subfield code="a">MdU-MA</subfield>
    <subfield code="b">eng</subfield>
    <subfield code="c">MdU-MA</subfield>
  </datafield>
  <datafield tag="110" ind1="2" ind2=" ">
    <subfield code="a">Dreamtime Productions</subfield>
  </datafield>
  <datafield tag="670" ind1=" " ind2=" ">
    <subfield code="a">Renzo Piano [VR] c2003</subfield>
    <subfield code="b">closing credits (in association with Dreamtime Productions)</subfield>
  </datafield>
  <datafield tag="675" ind1=" " ind2=" ">
    <subfield code="a">IMDb, viewed Sept. 18, 2008</subfield>
  </datafield>
</record>